[gd_scene load_steps=6 format=2]

[ext_resource path="res://scripts/TitleScreen.gd" type="Script" id=1]
[ext_resource path="res://sprites/logo.png" type="Texture" id=2]
[ext_resource path="res://fonts/small.tres" type="DynamicFont" id=3]
[ext_resource path="res://objects/Shader.tscn" type="PackedScene" id=4]

[sub_resource type="Theme" id=1]

default_font = ExtResource( 3 )
_sections_unfolded = [ "Resource" ]

[node name="TitleScreen" type="CanvasLayer" index="0"]

layer = 1
offset = Vector2( 0, 0 )
rotation = 0.0
scale = Vector2( 1, 1 )
transform = Transform2D( 1, 0, 0, 1, 0, 0 )
script = ExtResource( 1 )

[node name="MarginContainer" type="MarginContainer" parent="." index="0"]

anchor_left = 0.0
anchor_top = 0.0
anchor_right = 1.0
anchor_bottom = 1.0
rect_pivot_offset = Vector2( 0, 0 )
rect_clip_content = false
mouse_filter = 0
mouse_default_cursor_shape = 0
size_flags_horizontal = 1
size_flags_vertical = 1
_sections_unfolded = [ "Anchor", "Grow Direction", "Margin" ]

[node name="Center" type="CenterContainer" parent="MarginContainer" index="0"]

anchor_left = 0.0
anchor_top = 0.0
anchor_right = 0.0
anchor_bottom = 0.0
margin_left = 8.0
margin_right = 1280.0
margin_bottom = 720.0
rect_pivot_offset = Vector2( 0, 0 )
rect_clip_content = false
mouse_filter = 0
mouse_default_cursor_shape = 0
size_flags_horizontal = 1
size_flags_vertical = 1
use_top_left = false

[node name="VBox" type="VBoxContainer" parent="MarginContainer/Center" index="0"]

anchor_left = 0.0
anchor_top = 0.0
anchor_right = 0.0
anchor_bottom = 0.0
margin_left = 214.0
margin_top = 210.0
margin_right = 1057.0
margin_bottom = 509.0
rect_pivot_offset = Vector2( 0, 0 )
rect_clip_content = false
mouse_filter = 1
mouse_default_cursor_shape = 0
size_flags_horizontal = 1
size_flags_vertical = 1
alignment = 1

[node name="Logo" type="TextureRect" parent="MarginContainer/Center/VBox" index="0"]

anchor_left = 0.0
anchor_top = 0.0
anchor_right = 0.0
anchor_bottom = 0.0
margin_right = 843.0
margin_bottom = 157.0
rect_pivot_offset = Vector2( 0, 0 )
rect_clip_content = false
mouse_filter = 1
mouse_default_cursor_shape = 0
size_flags_horizontal = 1
size_flags_vertical = 1
texture = ExtResource( 2 )
stretch_mode = 0

[node name="HBox" type="HBoxContainer" parent="MarginContainer/Center/VBox" index="1"]

anchor_left = 0.0
anchor_top = 0.0
anchor_right = 0.0
anchor_bottom = 0.0
margin_top = 161.0
margin_right = 843.0
margin_bottom = 285.0
rect_pivot_offset = Vector2( 0, 0 )
rect_clip_content = false
mouse_filter = 1
mouse_default_cursor_shape = 0
size_flags_horizontal = 1
size_flags_vertical = 1
alignment = 1

[node name="VBox" type="VBoxContainer" parent="MarginContainer/Center/VBox/HBox" index="0"]

anchor_left = 0.0
anchor_top = 0.0
anchor_right = 0.0
anchor_bottom = 0.0
margin_left = 336.0
margin_right = 507.0
margin_bottom = 124.0
rect_pivot_offset = Vector2( 0, 0 )
rect_clip_content = false
mouse_filter = 1
mouse_default_cursor_shape = 0
size_flags_horizontal = 1
size_flags_vertical = 1
alignment = 1

[node name="PlayButton" type="Button" parent="MarginContainer/Center/VBox/HBox/VBox" index="0"]

anchor_left = 0.0
anchor_top = 0.0
anchor_right = 0.0
anchor_bottom = 0.0
margin_right = 171.0
margin_bottom = 28.0
rect_pivot_offset = Vector2( 0, 0 )
rect_clip_content = false
focus_neighbour_bottom = NodePath("../InstructionsButton")
focus_mode = 2
mouse_filter = 0
mouse_default_cursor_shape = 0
size_flags_horizontal = 1
size_flags_vertical = 1
theme = SubResource( 1 )
toggle_mode = false
enabled_focus_mode = 2
shortcut = null
group = null
text = "Play"
flat = true
align = 1
_sections_unfolded = [ "Focus", "Hint", "Theme", "custom_fonts" ]

[node name="InstructionsButton" type="Button" parent="MarginContainer/Center/VBox/HBox/VBox" index="1"]

anchor_left = 0.0
anchor_top = 0.0
anchor_right = 0.0
anchor_bottom = 0.0
margin_top = 32.0
margin_right = 171.0
margin_bottom = 60.0
rect_pivot_offset = Vector2( 0, 0 )
rect_clip_content = false
focus_neighbour_top = NodePath("../PlayButton")
focus_neighbour_bottom = NodePath("../OptionsButton")
focus_mode = 2
mouse_filter = 0
mouse_default_cursor_shape = 0
size_flags_horizontal = 1
size_flags_vertical = 1
custom_fonts/font = ExtResource( 3 )
toggle_mode = false
enabled_focus_mode = 2
shortcut = null
group = null
text = "Instructions"
flat = true
align = 1
_sections_unfolded = [ "Focus", "custom_fonts" ]

[node name="OptionsButton" type="Button" parent="MarginContainer/Center/VBox/HBox/VBox" index="2"]

anchor_left = 0.0
anchor_top = 0.0
anchor_right = 0.0
anchor_bottom = 0.0
margin_top = 64.0
margin_right = 171.0
margin_bottom = 92.0
rect_pivot_offset = Vector2( 0, 0 )
rect_clip_content = false
focus_neighbour_top = NodePath("../InstructionsButton")
focus_neighbour_bottom = NodePath("../QuitButton")
focus_mode = 2
mouse_filter = 0
mouse_default_cursor_shape = 0
size_flags_horizontal = 1
size_flags_vertical = 1
custom_fonts/font = ExtResource( 3 )
toggle_mode = false
enabled_focus_mode = 2
shortcut = null
group = null
text = "Options"
flat = true
align = 1
_sections_unfolded = [ "Focus", "custom_fonts" ]

[node name="QuitButton" type="Button" parent="MarginContainer/Center/VBox/HBox/VBox" index="3"]

anchor_left = 0.0
anchor_top = 0.0
anchor_right = 0.0
anchor_bottom = 0.0
margin_top = 96.0
margin_right = 171.0
margin_bottom = 124.0
rect_pivot_offset = Vector2( 0, 0 )
rect_clip_content = false
focus_neighbour_top = NodePath("../OptionsButton")
focus_mode = 2
mouse_filter = 0
mouse_default_cursor_shape = 0
size_flags_horizontal = 1
size_flags_vertical = 1
custom_fonts/font = ExtResource( 3 )
toggle_mode = false
enabled_focus_mode = 2
shortcut = null
group = null
text = "Quit"
flat = true
align = 1
_sections_unfolded = [ "Focus", "custom_fonts" ]

[node name="Container" type="Container" parent="MarginContainer/Center/VBox" index="2"]

anchor_left = 0.0
anchor_top = 0.0
anchor_right = 0.0
anchor_bottom = 0.0
margin_top = 289.0
margin_right = 843.0
margin_bottom = 299.0
rect_min_size = Vector2( 10, 10 )
rect_pivot_offset = Vector2( 0, 0 )
rect_clip_content = false
mouse_filter = 0
mouse_default_cursor_shape = 0
size_flags_horizontal = 1
size_flags_vertical = 1
_sections_unfolded = [ "Rect" ]

[node name="BottomLine" type="Label" parent="." index="1"]

anchor_left = 0.0
anchor_top = 1.0
anchor_right = 1.0
anchor_bottom = 1.0
margin_top = -47.0
rect_pivot_offset = Vector2( 0, 0 )
rect_clip_content = false
mouse_filter = 2
mouse_default_cursor_shape = 0
size_flags_horizontal = 1
size_flags_vertical = 4
custom_fonts/font = ExtResource( 3 )
text = "v1.0.0 | Made by John Gabriel | Made in Godot"
align = 1
valign = 1
percent_visible = 1.0
lines_skipped = 0
max_lines_visible = -1
_sections_unfolded = [ "Anchor", "Margin", "Rect", "custom_fonts" ]

[node name="Shader" parent="." index="2" instance=ExtResource( 4 )]

[connection signal="pressed" from="MarginContainer/Center/VBox/HBox/VBox/PlayButton" to="." method="play"]

[connection signal="pressed" from="MarginContainer/Center/VBox/HBox/VBox/InstructionsButton" to="." method="instructions"]

[connection signal="pressed" from="MarginContainer/Center/VBox/HBox/VBox/OptionsButton" to="." method="options"]

[connection signal="pressed" from="MarginContainer/Center/VBox/HBox/VBox/QuitButton" to="." method="quit"]


